% BibTeX database for the paper.tex

@misc{robinsurfmesh,
  author = {Blake B.~Hillier and Mark J.~Stock and Adrin~Gharakhani},
  title  = "{{robin-surface-mesh}: {R}obust and corrected coefficients for the {ROBIN} body geometry}",
  howpublished = {https://github.com/Applied-Scientific-Research/robin-surface-mesh},
  year   = {2020}
}

@techreport{nasa87762,
author="Phelps, {III}, Arthur E. and John D.~Berry",
title="{Description of the U.S.~Army Small-Scale 2-Meter Rotor Test System}",
month="February",
year="1987",
number="NASA TM-87762"
}

@techreport{mineckgorton,
author="Raymind E.~Mineck and Susan Althoff Gorton",
title="{Steady and Periodic Pressure Measurements on a Generic Helicopter Fuselage Model in the Presence of a Rotor}",
month="June",
year="2000",
number="NASA/TM-2000-210286"
}

@techreport{nasa80051,
author="Carl E. Freeman and Raymind E.~Mineck",
title="{Fuselage Surface Pressure Measurements of a Helicoptor Wind-Tunnel Model with a 3.15 Meter Diameter Single Rotor}",
month="March",
year="1979",
number="NASA TM-80051"
}

@techreport{nasa1999,
author="Raymind E.~Mineck",
title="{Application of an Unstructured Grid Navier-Stokes Solver to a Generic Helicopter Body}",
month="August",
year="1999",
number="NASA TM-1999-209510"
}
